<record><leader>00000cas a22000007a 4500</leader><controlfield tag="001">9699984</controlfield><controlfield tag="008">830713d18841907ksuwr ne      0    0eng d</controlfield><datafield ind1=" " ind2=" " tag="010"><subfield code="a">sn 83040396 </subfield></datafield><datafield ind1=" " ind2=" " tag="040"><subfield code="a">KSH</subfield><subfield code="b">eng</subfield><subfield code="c">KSH</subfield><subfield code="d">NPT</subfield><subfield code="d">TGN</subfield><subfield code="d">OCLCO</subfield></datafield><datafield ind1="1" ind2=" " tag="029"><subfield code="a">AU@</subfield><subfield code="b">000020294540</subfield></datafield><datafield ind1=" " ind2=" " tag="042"><subfield code="a">msc</subfield></datafield><datafield ind1=" " ind2=" " tag="043"><subfield code="a">n-us-ks</subfield></datafield><datafield ind1="0" ind2="4" tag="245"><subfield code="a">The Fulton independent.</subfield></datafield><datafield ind1=" " ind2=" " tag="260"><subfield code="a">Fulton, Kan. :</subfield><subfield code="b">A.W. Felter,</subfield><subfield code="c">1884-1907.</subfield></datafield><datafield ind1=" " ind2=" " tag="300"><subfield code="a">22 v. ;</subfield><subfield code="c">60 cm.</subfield></datafield><datafield ind1=" " ind2=" " tag="310"><subfield code="a">Weekly</subfield></datafield><datafield ind1="0" ind2=" " tag="362"><subfield code="a">Vol. 1, no. 1 (Aug. 8, 1884)-v. 23, no. 27 (Feb. 1, 1907)</subfield></datafield><datafield ind1=" " ind2=" " tag="500"><subfield code="a">Editor: A.W. Felter.</subfield></datafield><datafield ind1=" " ind2="0" tag="651"><subfield code="a">Fulton (Kan.)</subfield><subfield code="v">Newspapers.</subfield></datafield><datafield ind1=" " ind2="0" tag="651"><subfield code="a">Bourbon County (Kan.)</subfield><subfield code="v">Newspapers.</subfield></datafield><datafield ind1="1" ind2=" " tag="700"><subfield code="a">Felter, A. W.</subfield></datafield><datafield ind1=" " ind2=" " tag="752"><subfield code="a">United States</subfield><subfield code="b">Kansas</subfield><subfield code="c">Bourbon</subfield><subfield code="d">Fulton.</subfield></datafield><datafield ind1="0" ind2="4" tag="785"><subfield code="t">Weekly republican (Fort Scott, Kan.)</subfield><subfield code="w">(DLC)sn 83040395</subfield></datafield></record>